<?xml version="1.0" encoding="UTF-8" ?>
<collection xmlns:xsi="http://www.w3.org/2001/XMLSchema-instance"
    xsi:schemaLocation="http://www.loc.gov/MARC21/slim
        http://www.loc.gov/standards/marcxml/schema/MARC21slim.xsd"
    xmlns="http://www.loc.gov/MARC21/slim">
<record>
  <leader>00262cam a2200505 ia4500</leader>
  <controlfield tag="001">b1233571x</controlfield>
  <controlfield tag="003">LeBAU</controlfield>
  <controlfield tag="005">20140226</controlfield>
  <controlfield tag="008">970204s1951    ua            ||1 0 ara d</controlfield>
  <datafield tag="035" ind1=" " ind2=" ">
    <subfield code="a">ocn784210450</subfield>
  </datafield>
  <datafield tag="040" ind1=" " ind2=" ">
    <subfield code="a">LEAUB</subfield>
    <subfield code="b">ara</subfield>
    <subfield code="e">rda</subfield>
    <subfield code="c">LEAUB</subfield>
    <subfield code="d">LEAUB</subfield>
  </datafield>
  <datafield tag="082" ind1="0" ind2="4">
    <subfield code="a">297.08</subfield>
    <subfield code="2">20</subfield>
  </datafield>
  <datafield tag="100" ind1="1" ind2=" ">
    <subfield code="6">880-01</subfield>
    <subfield code="a">Shāfiʻī, Muḥammad ibn Idrīs,</subfield>
    <subfield code="d">767 or 768-820,</subfield>
    <subfield code="e">author.</subfield>
  </datafield>
  <datafield tag="245" ind1="1" ind2="0">
    <subfield code="6">880-02</subfield>
    <subfield code="a">Tartīb musnad al-imām al-mu‘aẓẓam wa-al-mujtahid al-muqaddam Abī ʻAbd Allāh Muḥammad ibn Idrīs al-Shāfiʻī al-mutawaffá sanat 204 H. /</subfield>
    <subfield code="c">rattabahu al-muḥaddith al-bāri‘ Muḥammad ʻĀbid al-Sindī ‘alá al-abwāb al-fiqhīyah anfa‘ tartīb, ma‘a tahdhībihi abda‘ tahdhīb ba‘da an kāna ghayr mubawwab walā muhadhdhab ; ‘arrafa al-kitāb wa-tarjama lil-mu’allif al-‘allāmah al-muḥaddith al-kabīr ṣāḥib al-faḍīlah al-Shaykh Muḥammad Zāhid ibn al-Ḥasan al-Kawtharī, wakīl al-mashyakhah al-Islāmīyah fī al-khilāfah al-‘Uthmānīyah sābiqan ; tawallá nashrahu wa-taṣḥīḥahu wa-murāja‘at uṣūlahu ‘alá nuskhatayn makhṭūṭatayn bi-Dār al-Kutub al-Malakīyah al-Miṣrīyah al-Sayyid Yūsuf ʻAlī al-Zawāwī al-Ḥasanī min ‘ulamā’ al-Azhar al-sharīf, al-Sayyid ʻIzzat al-ʻAṭṭār al-Ḥusaynī mu’assis wa-mudīr Maktab Nashr al-Thaqāfah al-Islāmīyah.</subfield>
  </datafield>
  <datafield tag="264" ind1=" " ind2="1">
    <subfield code="6">880-03</subfield>
    <subfield code="a">Miṣr :</subfield>
    <subfield code="b">Maṭbaʻat al-Saʻādah،</subfield>
    <subfield code="c">1370 H. = 1951 M.</subfield>
  </datafield>
  <datafield tag="300" ind1=" " ind2=" ">
    <subfield code="6">880-04</subfield>
    <subfield code="a">2 volumes ;</subfield>
    <subfield code="c">25 cm</subfield>
  </datafield>
  <datafield tag="336" ind1=" " ind2=" ">
    <subfield code="a">text</subfield>
    <subfield code="b">txt</subfield>
    <subfield code="2">rdacontent</subfield>
  </datafield>
  <datafield tag="337" ind1=" " ind2=" ">
    <subfield code="a">unmediated</subfield>
    <subfield code="b">n</subfield>
    <subfield code="2">rdamedia</subfield>
  </datafield>
  <datafield tag="338" ind1=" " ind2=" ">
    <subfield code="a">volume</subfield>
    <subfield code="b">nc</subfield>
    <subfield code="2">rdacarrier</subfield>
  </datafield>
  <datafield tag="500" ind1=" " ind2=" ">
    <subfield code="a">يتضمن كشافات.</subfield>
  </datafield>
  <datafield tag="650" ind1=" " ind2="4">
    <subfield code="a">الحديث</subfield>
    <subfield code="v">اعمال قديمة حتى 1800.</subfield>
  </datafield>
  <datafield tag="650" ind1=" " ind2="4">
    <subfield code="a">الفقه الاسلامي</subfield>
    <subfield code="x">تفسير وبنية</subfield>
    <subfield code="v">اعمال قديمة حتى 1800.</subfield>
  </datafield>
  <datafield tag="650" ind1=" " ind2="4">
    <subfield code="a">المذهب الشافعي</subfield>
    <subfield code="v">اعمال قديمة حتى 1800.</subfield>
  </datafield>
  <datafield tag="650" ind1=" " ind2="0">
    <subfield code="a">Hadith</subfield>
    <subfield code="v">Early works to 1800.</subfield>
  </datafield>
  <datafield tag="650" ind1=" " ind2="0">
    <subfield code="a">Islamic law</subfield>
    <subfield code="x">Interpretation and construction</subfield>
    <subfield code="v">Early works to 1800.</subfield>
  </datafield>
  <datafield tag="650" ind1=" " ind2="0">
    <subfield code="a">Shafiites</subfield>
    <subfield code="v">Early works to 1800.</subfield>
  </datafield>
  <datafield tag="700" ind1="1" ind2=" ">
    <subfield code="6">880-05</subfield>
    <subfield code="a">Sindī, Muḥammad ʻĀbid,</subfield>
    <subfield code="d">-1841,</subfield>
    <subfield code="e">compiler.</subfield>
  </datafield>
  <datafield tag="700" ind1="1" ind2=" ">
    <subfield code="6">880-06</subfield>
    <subfield code="a">Kawtharī, Muḥammad Zāhid ibn al-Ḥasan,</subfield>
    <subfield code="e">compiler.</subfield>
  </datafield>
  <datafield tag="700" ind1="1" ind2=" ">
    <subfield code="6">880-07</subfield>
    <subfield code="a">Ḥasanī, Yūsuf ʻAlī al-Zawāwī,</subfield>
    <subfield code="e">annotator.</subfield>
  </datafield>
  <datafield tag="700" ind1="1" ind2=" ">
    <subfield code="6">880-08</subfield>
    <subfield code="a">Ḥusaynī, ʻIzzat al-ʻAṭṭār,</subfield>
    <subfield code="e">annotator.</subfield>
  </datafield>
  <datafield tag="852" ind1=" " ind2=" ">
    <subfield code="a">Jafet Library</subfield>
    <subfield code="e">American University of Beirut, Bliss Street , Beirut, Lebanon.</subfield>
  </datafield>
  <datafield tag="880" ind1="1" ind2=" ">
    <subfield code="6">100-01/(3/r</subfield>
    <subfield code="a">الشافعي، محمد بن ادريس،</subfield>
    <subfield code="d">767 او 768-820،</subfield>
    <subfield code="e">مؤلف. </subfield>
    <subfield code="4">aut.</subfield>
  </datafield>
  <datafield tag="880" ind1="1" ind2="0">
    <subfield code="6">245-02/(3/r</subfield>
    <subfield code="a">ترتيب مسند الإمام المعظم و المجتهد المقدم أبي عبد الله محمد بن إدريس الشافعي المتوفى سنة 204 هـ.  /</subfield>
    <subfield code="c">رتبه المحدث البارع محمد عابد السندي على الأبواب الفقهية أنفع ترتيب، مع تهذيبه أبدع تهذيب بعد أن كان غير مبوب ولا مهذب ؛ عرف الكتاب وترجم للمؤلف العلامة المحدث الكبير صاحب الفضيلة الشيخ محمد زاهد بن الحسن الكوثري، وكيل المشيخة الإسلامية في الخلافة العثمانية سابقاً ؛ تولى نشره وتصحيحه ومراجعة أصوله على نسختين مخطوطتين بدار الكتب الملكية المصرية السيد يوسف علي الزواوي الحسني، من علماء الأزهر الشريف، السيد عزت العطار الحسيني، مؤسس ومدير مكتب نشر الثقافة الإسلامية. </subfield>
  </datafield>
  <datafield tag="880" ind1=" " ind2="1">
    <subfield code="6">264-03/(3/r</subfield>
    <subfield code="a">مصر :</subfield>
    <subfield code="b">مطبعة السعادة،</subfield>
    <subfield code="c">1370 هـ. = 1951 م.</subfield>
  </datafield>
  <datafield tag="880" ind1=" " ind2=" ">
    <subfield code="6">300-04/(3/r</subfield>
    <subfield code="a">2 جزء ؛</subfield>
    <subfield code="c">25 سم</subfield>
  </datafield>
  <datafield tag="880" ind1="1" ind2=" ">
    <subfield code="6">700-05/(3/r</subfield>
    <subfield code="a">السندي، محمد عابد،</subfield>
    <subfield code="d">-1841،</subfield>
    <subfield code="e">معد. </subfield>
    <subfield code="4">com.</subfield>
  </datafield>
  <datafield tag="880" ind1="1" ind2=" ">
    <subfield code="6">700-06/(3/r</subfield>
    <subfield code="a">الكوثري، محمد زاهد بن الحسن،</subfield>
    <subfield code="e">معد. </subfield>
    <subfield code="4">com.</subfield>
  </datafield>
  <datafield tag="880" ind1="1" ind2=" ">
    <subfield code="6">700-07/(3/r</subfield>
    <subfield code="a">الحسني، يوسف علي الزواوي،</subfield>
    <subfield code="e">محقق. </subfield>
    <subfield code="4">ann.</subfield>
  </datafield>
  <datafield tag="880" ind1="1" ind2=" ">
    <subfield code="6">700-08/(3/r</subfield>
    <subfield code="a">الحسني، عزت العطار،</subfield>
    <subfield code="e">محقق. </subfield>
    <subfield code="4">ann.</subfield>
  </datafield>
  <datafield tag="907" ind1=" " ind2=" ">
    <subfield code="a">.b1233571x</subfield>
    <subfield code="b">16-12-12</subfield>
    <subfield code="c">11-05-24</subfield>
  </datafield>
  <datafield tag="907" ind1=" " ind2=" ">
    <subfield code="a">.b1233571x</subfield>
    <subfield code="b">11-10-11</subfield>
    <subfield code="c">11-05-24</subfield>
  </datafield>
  <datafield tag="945" ind1=" " ind2=" ">
    <subfield code="f">J</subfield>
    <subfield code="a">297.125:S616tA:v.1</subfield>
    <subfield code="g">1</subfield>
    <subfield code="i">00500634</subfield>
    <subfield code="j">.i12769447</subfield>
    <subfield code="l">u0503</subfield>
  </datafield>
  <datafield tag="945" ind1=" " ind2=" ">
    <subfield code="f">J</subfield>
    <subfield code="a">297.125:S616tA:v.2</subfield>
    <subfield code="g">1</subfield>
    <subfield code="i">00500635</subfield>
    <subfield code="j">.i20118065</subfield>
    <subfield code="l">u0503</subfield>
  </datafield>
  <datafield tag="998" ind1=" " ind2=" ">
    <subfield code="a">u05</subfield>
    <subfield code="b">97-02-04</subfield>
    <subfield code="c">m</subfield>
    <subfield code="d">a</subfield>
    <subfield code="e">-</subfield>
    <subfield code="f">ara</subfield>
    <subfield code="g">ua </subfield>
    <subfield code="h">0</subfield>
    <subfield code="i">1</subfield>
  </datafield>
</record>
</collection>
